@inproceedings{MRN,
  title={Multimodal residual learning for visual {QA}},
  author={Kim, J.-H. and Lee, S.-W. and Kwak, D. and Heo, M.-O. and Kim, J. and Ha, J.-W. and Zhang, B.-T.},
  booktitle={Advances in Neural Information Processing Systems (NeurIPS)},
  volume={29},
  year={2016}
}

@article{CIRPLANT,
  title={Image retrieval on real-life images with pre-trained vision-and-language models},
  author={Liu, Z. and Opazo, C. R. and Teney, D. and Gould, S.},
  journal={arXiv preprint arXiv:2108.04024},
  year={2021}
}

@inproceedings{VAL,
  title={Image search with text feedback by visiolinguistic attention learning},
  author={Chen, Y. and Gong, S. and Bazzani, L.},
  booktitle={Proceedings of the IEEE/CVF Conference on Computer Vision and Pattern Recognition (CVPR)},
  year={2020}
}

@inproceedings{CoSMo,
  title={Cosmo: Content-style modulation for image retrieval with text feedback},
  author={Lee, S. and Kim, D. and Han, B.},
  booktitle={Proceedings of the IEEE/CVF Conference on Computer Vision and Pattern Recognition (CVPR)},
  pages={802--812},
  year={2021}
}


@inproceedings{AACL,
  title={Fashion image retrieval with text feedback by additive attention compositional learning},
  author={Tian, Y. and Newsam, S. and Boakye, K.},
  booktitle={Proceedings of the 2023 IEEE/CVF Winter Conference on Applications of Computer Vision (WACV)},
  pages={1011--1021},
  year={2023},
  organization={IEEE}
}

@article{RTIC,
  title={RTIC: Residual learning for text and image composition using graph convolutional network},
  author={Shin, M. and Cho, Y. and Ko, B. and Gu, G.},
  journal={arXiv preprint arXiv:2104.03015},
  year={2021}
}
@inproceedings{ACNet,
  title={Visual-linguistic alignment and composition for image retrieval with text feedback},
  author={Li, D. and Zhu, Y.},
  booktitle={Proceedings of the 2023 IEEE International Conference on Multimedia and Expo (ICME)},
  pages={108--113},
  year={2023},
  organization={IEEE}
}


@inproceedings{CLVCNet,
  title={Comprehensive linguistic-visual composition network for image retrieval},
  author={Wen, H. and Song, X. and Yang, X. and Zhan, Y. and Nie, L.},
  booktitle={Proceedings of the 44th International ACM SIGIR Conference on Research and Development in Information Retrieval},
  pages={1369--1378},
  year={2021},
  publisher={ACM}
}

@article{Mix_Trans,
  title={Combined query image retrieval based on hybrid coding of CNN and Mix-Transformer},
  author={Zhang, Z. and Cheng, S. and Wang, L.},
  journal={Expert Systems with Applications},
  volume={234},
  pages={121060},
  year={2023}
}

@inproceedings{Albert,
  title={Deep image retrieval: Learning global representations for image search},
  author={Gordo, A. and Almazán, J. and Revaud, J. and Larlus, D.},
  booktitle={Proceedings of the European Conference on Computer Vision (ECCV)},
  pages={241--257},
  year={2016},
  editor={Leibe, B. and Matas, J. and Sebe, N. and Welling, M.},
  publisher={Springer}
}

@inproceedings{Kuang,
  title={Stacked cross attention for image-text matching},
  author={Lee, K.-H. and Chen, X. and Hua, G. and Hu, H. and He, X.},
  booktitle={Proceedings of the European Conference on Computer Vision (ECCV)},
  pages={212--228},
  year={2018},
  editor={Ferrari, V. and Hebert, M. and Sminchisescu, C. and Weiss, Y.},
  publisher={Springer}
}


@INPROCEEDINGS{Zhao,
  author={Zhao, Bo and Feng, Jiashi and Wu, Xiao and Yan, Shuicheng},
  booktitle={2017 IEEE Conference on Computer Vision and Pattern Recognition (CVPR)}, 
  title={Memory-Augmented Attribute Manipulation Networks for Interactive Fashion Search}, 
  year={2017},
  volume={},
  number={},
  pages={6156-6164},
  doi={10.1109/CVPR.2017.652}
}

@inproceedings{Nam,
  title={Composing text and image for image retrieval: An empirical odyssey},
  author={Vo, N. and Jiang, L. and Sun, C. and Murphy, K. and Li, L.-J. and Fei-Fei, L. and Hays, J.},
  booktitle={Proceedings of the IEEE/CVF Conference on Computer Vision and Pattern Recognition (CVPR)},
  pages={6432--6441},
  year={2019}
}

@inproceedings{ComposeAE,
  title={Compositional learning of image-text query for image retrieval},
  author={Anwaar, M. U. and Labintcev, E. and Kleinsteuber, M.},
  booktitle={Proceedings of the 2021 IEEE Winter Conference on Applications of Computer Vision (WACV)},
  pages={1139--1148},
  year={2020},
  organization={IEEE}
}

@article{LBF,
  title={Composed Query Image Retrieval Using Locally Bounded Features},
  author={M. Hosseinzadeh and Yang Wang},
  journal={2020 IEEE/CVF Conference on Computer Vision and Pattern Recognition (CVPR)},
  year={2020},
  pages={3593-3602},
  url={https://api.semanticscholar.org/CorpusID:219963281}
}
@InProceedings{Antol,
author = {Antol, Stanislaw and Agrawal, Aishwarya and Lu, Jiasen and Mitchell, Margaret and Batra, Dhruv and Zitnick, C. Lawrence and Parikh, Devi},
title = {VQA: Visual Question Answering},
booktitle = {Proceedings of the IEEE International Conference on Computer Vision (ICCV)},
month = {December},
pages={p. 2425–2433},
year = {2015}
}
@InProceedings{tirg,
author = {Vo, Nam and Jiang, Lu and Sun, Chen and Murphy, Kevin and Li, Li-Jia and Fei-Fei, Li and Hays, James},
title = {Composing Text and Image for Image Retrieval - an Empirical Odyssey},
booktitle = {Proceedings of the IEEE/CVF Conference on Computer Vision and Pattern Recognition (CVPR)},
pages={6439–6448},
month = {June},
year = {2019}
}

@inproceedings{aug-tirg,
  title={Augmented {TIRG} for {CBIR} using combined text and image features},
  author={Aboali, M. and Elmaddah, I. and Hassan, H. E.-D.},
  booktitle={Proceedings of the 2021 International Conference on Electrical, Computer and Energy Technologies (ICECET)},
  pages={1--6},
  year={2021},
  organization={IEEE}
}

@Article{AutoRet1,
AUTHOR = {Monowar, Muhammad Mostafa and Hamid, Md. Abdul and Ohi, Abu Quwsar and Alassafi, Madini O. and Mridha, M. F.},
TITLE = {AutoRet: A Self-Supervised Spatial Recurrent Network for Content-Based Image Retrieval},
JOURNAL = {Sensors},
VOLUME = {22},
YEAR = {2022},
NUMBER = {6},
ARTICLE-NUMBER = {2188},
URL = {https://www.mdpi.com/1424-8220/22/6/2188},
PubMedID = {35336358},
ISSN = {1424-8220},
DOI = {10.3390/s22062188}
}




@article{AutoRet,
  title={AutoRet: A self-supervised spatial recurrent network for content-based image retrieval},
  author={Monowar, M. M. and Hamid, M. A. and Ohi, A. Q. and Alassafi, M. O. and Mridha, M. F.},
  journal={Sensors},
  volume={22},
  number={6},
  pages={1843},
  year={2022}
}

@ARTICLE{DBN,
AUTHOR = {Afshan Latif and Aqsa Rasheed and Umer Sajid and Jameel Ahmed and Nouman Ali and Naeem Iqbal Ratyal and Bushra Zafar and Saadat Hanif Dar and Muhammad Sajid and Tehmina Khalil},
TITLE = {Content-Based Image Retrieval and Feature Extraction: A Comprehensive Review},
JOURNAL = {Mathematical Problems in Engineering},
VOLUME = {2019},
NUMBER = {},
ARTICLE-NUMBER = {1024-123X},
URL = {https://api.semanticscholar.org/CorpusID:202939315},
PubMedID = {9658350},
ISSN = {},
pages = {p. 1 - 21},
DOI = {10.1155/2019/9658350},
YEAR = {2019}
}


@inproceedings{Attributes_as_operators,
  title={Attributes as operators: Factorizing unseen attribute-object compositions},
  author={Nagarajan, T. and Grauman, K.},
  booktitle={Proceedings of the European Conference on Computer Vision (ECCV)},
  pages={172--190},
  year={2018},
  editor={Ferrari, V. and Hebert, M. and Sminchisescu, C. and Weiss, Y.},
  publisher={Springer}
}

@ARTICLE{LeNet,
  author={Lecun, Y. and Bottou, L. and Bengio, Y. and Haffner, P.},
  journal={Proceedings of the IEEE}, 
  title={Gradient-based learning applied to document recognition}, 
  year={1998},
  volume={86},
  number={11},
  pages={p. 2278-2324},
  doi={10.1109/5.726791}
}
@inproceedings{AlexNet,
 author = {Krizhevsky, Alex and Sutskever, Ilya and Hinton, Geoffrey E},
 booktitle = {Advances in Neural Information Processing Systems},
 editor = {F. Pereira and C.J. Burges and L. Bottou and K.Q. Weinberger},
 pages = {1106-1114},
 publisher = {Curran Associates, Inc.},
 title = {ImageNet Classification with Deep Convolutional Neural Networks},
 volume = {25},
 year = {2012}
}
%url = %{https://proceedings.neurips.cc/paper_files/paper/2012/file/c399862d3b9d6b76c8436e924a%68c45b-Paper.pdf},
@InProceedings{ZFNet,
author="Zeiler, Matthew D.
and Fergus, Rob",
editor="Fleet, David
and Pajdla, Tomas
and Schiele, Bernt
and Tuytelaars, Tinne",
title="Visualizing and Understanding Convolutional Networks",
booktitle="Computer Vision -- ECCV 2014",
year="2014",
publisher="Springer International Publishing",
address="Cham",
pages="818--833",
isbn="978-3-319-10590-1"
}
@InProceedings{VGGNet,
  author       = "Karen Simonyan and Andrew Zisserman",
  title        = "Very Deep Convolutional Networks for Large-Scale Image Recognition",
  booktitle    = "International Conference on Learning Representations",
  year         = "2015",
}
@article{ResNet,
  author       = {Kaiming He and
                  Xiangyu Zhang and
                  Shaoqing Ren and
                  Jian Sun},
  title        = {Deep Residual Learning for Image Recognition},
  journal      = {CoRR},
  volume       = {abs/1512.03385},
  year         = {2015},
  url          = {http://arxiv.org/abs/1512.03385},
  eprinttype    = {arXiv},
  eprint       = {1512.03385},
  pages        = {p.770 - 778},
  timestamp    = {Wed, 25 Jan 2023 11:01:16 +0100},
  biburl       = {https://dblp.org/rec/journals/corr/HeZRS15.bib},
  bibsource    = {dblp computer science bibliography, https://dblp.org}
}
@article{bert,
  author       = {Jacob Devlin and
                  Ming{-}Wei Chang and
                  Kenton Lee and
                  Kristina Toutanova},
  title        = {{BERT:} Pre-training of Deep Bidirectional Transformers for Language
                  Understanding},
  journal      = {CoRR},
  volume       = {abs/1810.04805},
  year         = {2018},
  url          = {http://arxiv.org/abs/1810.04805},
  eprinttype    = {arXiv},
  eprint       = {1810.04805},
  pages        = {p. 4171-4186},
  timestamp    = {Tue, 30 Oct 2018 20:39:56 +0100},
  biburl       = {https://dblp.org/rec/journals/corr/abs-1810-04805.bib},
  bibsource    = {dblp computer science bibliography, https://dblp.org}
}
@InProceedings{bookcorpus,
author = {Zhu, Yukun and Kiros, Ryan and Zemel, Rich and Salakhutdinov, Ruslan and Urtasun, Raquel and Torralba, Antonio and Fidler, Sanja},
title = {Aligning Books and Movies: Towards Story-Like Visual Explanations by Watching Movies and Reading Books},
booktitle = {Proceedings of the IEEE International Conference on Computer Vision (ICCV)},
pages = {19–27},
month = {December},
year = {2015}
}
@article{english_wiki,
  title={Colbert: Using bert sentence embedding for humor detection},
  author={Annamoradnejad, Issa and Zoghi, Gohar},
  journal={arXiv preprint arXiv:2004.12765},
  volume={1},
  number={3},
  year={2020}
}
@inproceedings{triplet,
  title={Facenet: A unified embedding for face recognition and clustering},
  author={Schroff, Florian and Kalenichenko, Dmitry and Philbin, James},
  booktitle={Proceedings of the IEEE conference on computer vision and pattern recognition},
  pages={815--823},
  year={2015}
}
@inproceedings{show_and_tell,
  title={Show and tell: A neural image caption generator},
  author={Vinyals, Oriol and Toshev, Alexander and Bengio, Samy and Erhan, Dumitru},
  booktitle={Proceedings of the IEEE conference on computer vision and pattern recognition},
  pages={3156--3164},
  year={2015}
}
@inproceedings{parameter_hashing,
  title={Image question answering using convolutional neural network with dynamic parameter prediction},
  author={Noh, Hyeonwoo and Seo, Paul Hongsuck and Han, Bohyung},
  booktitle={Proceedings of the IEEE conference on computer vision and pattern recognition},
  pages={30--38},
  year={2016}
}

@inproceedings{relationship,
  title={A simple neural network module for relational reasoning},
  author={Santoro, A. and Raposo, D. and Barrett, D. G. and Malinowski, M. and Pascanu, R. and Battaglia, P. and Lillicrap, T.},
  booktitle={Advances in Neural Information Processing Systems (NeurIPS)},
  volume={30},
  year={2017}
}

@inproceedings{film,
  title={FiLM: Visual reasoning with a general conditioning layer},
  author={Perez, E. and Strub, F. and De Vries, H. and Dumoulin, V. and Courville, A.},
  booktitle={Proceedings of the AAAI Conference on Artificial Intelligence},
  volume={32},
  year={2018}
}
@article{Contx_RS,
title = {Contextual recommender system for E-commerce applications},
journal = {Applied Soft Computing},
volume = {109},
pages = {107552},
year = {2021},
issn = {1568-4946},
doi = {https://doi.org/10.1016/j.asoc.2021.107552},
author = {Zafran Khan and Muhammad Ishfaq Hussain and Naima Iltaf and Joonmo Kim and Moongu Jeon},
keywords = {Probabilistic matrix factorization, Hybrid collaborative filtering, Convolutional neural network, Textual embedding}
}
%url = {https://www.sciencedirect.com/science/article/pii/S1568494621004737},

@INPROCEEDINGS{Ext_SB,
  author={Khalid, Komal and Afzal, Hammad and Moqaddas, Faiza and Iltaf, Naima and Sheri, Ahmed Muqeem and Nawaz, Raheel},
  booktitle={2017 IEEE 15th Intl Conf on Dependable, Autonomic and Secure Computing, 15th Intl Conf on Pervasive Intelligence and Computing, 3rd Intl Conf on Big Data Intelligence and Computing and Cyber Science and Technology Congress(DASC/PiCom/DataCom/CyberSciTech)}, 
  title={Extension of Semantic Based Urdu Linguistic Resources Using Natural Language Processing}, 
  year={2017},
  volume={},
  number={},
  pages={1322-1325},
  doi={10.1109/DASC-PICom-DataCom-CyberSciTec.2017.214}
}
@INPROCEEDINGS{fuzy_Based,
  author={Iltaf, Naima and Ghafoor, Abdul},
  booktitle={2013 IEEE 10th Consumer Communications and Networking Conference (CCNC)}, 
  title={A fuzzy based credibility evaluation of recommended trust in pervasive computing environment}, 
  year={2013},
  volume={},
  number={},
  pages={617-620},
  doi={10.1109/CCNC.2013.6488510}
}
@article{Neural_Text,
  title={Neural Textual Features Composition for CBIR},
  author={Aboali, Mohamed A and Elmaddah, Islam and Abdelmunim, Hossam E},
  journal={IEEE Access},
  volume={11},
  pages={28506--28521},
  year={2023},
  publisher={IEEE}
}




@INPROCEEDINGS{Locally_bounded,
  author={Hosseinzadeh, Mehrdad and Wang, Yang},
  booktitle={2020 IEEE/CVF Conference on Computer Vision and Pattern Recognition (CVPR)}, 
  title={Composed Query Image Retrieval Using Locally Bounded Features}, 
  year={2020},
  volume={},
  number={},
  pages={3593-3602},
  doi={10.1109/CVPR42600.2020.00365}
}

@inproceedings{radford2021learning,
  title={Learning transferable visual models from natural language supervision},
  author={Radford, A. and Kim, J. W. and Hallacy, C. and Ramesh, A. and Goh, G. and Agarwal, S. and others},
  booktitle={Proceedings of the International Conference on Machine Learning (ICML)},
  year={2021}
}

@article{SMR-1,
  title={Person re-identification with content and context re-ranking},
  author={Leng, Q. and Hu, R. and Liang, C. and Wang, Y. and Chen, J.},
  journal={Multimedia Tools and Applications},
  volume={74},
  number={24},
  pages={6989--7014},
  year={2015}
}

@article{SMR-2,
  title={Person re-identification with content and context re-ranking},
  author={Qingming Leng and Ruimin Hu and Chao Liang and Yimin Wang and Jun Chen},
  journal={Multimedia Tools and Applications},
  year={2015},
  volume={74},
  pages={6989-7014},
  url={https://api.semanticscholar.org/CorpusID:16590121}
}


@inproceedings{SMR-3,
  title={Coupled-view based ranking optimization for person re-identification},
  author={Ye, M. and Chen, J. and Leng, Q. and Liang, C. and Wang, Z. and Sun, K.},
  booktitle={Proceedings of the International Conference on MultiMedia Modeling},
  pages={105--117},
  year={2015},
  editor={He, X. and Luo, S. and Tao, D. and Xu, C. and Yang, J. and Hasan, M. A.},
  publisher={Springer}
}



@article{SMR-4,
  title={Person re-identification via ranking aggregation of similarity pulling and dissimilarity pushing},
  author={Ye, M. and Liang, C. and Yu, Y. and Wang, Z. and Leng, Q. and Xiao, C. and others},
  journal={IEEE Transactions on Multimedia},
  volume={18},
  number={12},
  pages={2553--2566},
  year={2016}
}


@inproceedings{OR-1,
  title={Hello neighbor: Accurate object retrieval with k-reciprocal nearest neighbors},
  author={Qin, D. and Gammeter, S. and Bossard, L. and Quack, T. and Van Gool, L.},
  booktitle={Proceedings of the IEEE Conference on Computer Vision and Pattern Recognition (CVPR)},
  pages={777--784},
  year={2011}
}



@article{OR-2,
  title={Faster R-CNN: Towards real-time object detection with region proposal networks},
  author={Ren, S. and He, K. and Girshick, R. and Sun, J.},
  journal={IEEE Transactions on Pattern Analysis and Machine Intelligence},
  volume={39},
  number={6},
  pages={1137--1149},
  year={2015}
}

@inproceedings{TQ-1,
  title={Object retrieval and localization with spatially-constrained similarity measure and k-NN re-ranking},
  author={Shen, X. and Lin, Z. L. and Brandt, J. and Avidan, S. and Wu, Y.},
  booktitle={Proceedings of the IEEE Conference on Computer Vision and Pattern Recognition (CVPR)},
  pages={3013--3020},
  year={2012}
}
@inproceedings{TQ-2,
  title={Video search re-ranking via information bottleneck principle},
  author={Hsu, W. and Kennedy, L. and Chang, S.},
  booktitle={Proceedings of the ACM International Conference on Multimedia},
  pages={35--44},
  year={2006}
}


@inproceedings{TQ-3,
  title={Supervised re-ranking for web image search},
  author={Yang, L. and Hanjalic, A.},
  booktitle={Proceedings of the 18th ACM International Conference on Multimedia},
  pages={183--192},
  year={2010}
}

@article{DenseBert4Ret,
title = {{DenseBert4Ret}: Deep bi-modal for image retrieval},
journal = {Information Sciences},
volume = {612},
pages = {pp. 1171-1186},
year = {2022},
issn = {0020-0255},
doi = {https://doi.org/10.1016/j.ins.2022.08.119},
author = {Zafran Khan and Bushra Latif and Joonmo Kim and Hong Kook Kim and Moongu Jeon},
keywords = {Text-based/Contents-based image retrieval, Multi-modal image retrieval, DenseNet, BERT, Image, text features extraction, Joint representation of multi modal features, Deep learning, Computer vision, NLP},
}

@article{DvLIL,
title = {{DvLIL: Deep-view linguistic and inductive learning based framework for Image Retrieval}},
journal = {Information Sciences},
volume = {649},
pages = {119641},
year = {2023},
issn = {0020-0255},
doi = {https://doi.org/10.1016/j.ins.2023.119641},
url = {https://www.sciencedirect.com/science/article/pii/S0020025523012264},
author = {Ikhlaq Ahmed and Naima Iltaf and Zafran Khan and Usman Zia},
keywords = {Image retrieval framework, Image feature extraction, Text feature extraction, -50, , Feature joint venture, Inductive learning}
}
@ARTICLE{DM-RR,
  author={Ahmed, Ikhlaq and Iltaf, Naima and Latif, Rabia and Jamail, Nor Shahida Mohd and Khan, Zafran},
  journal={IEEE Open Journal of the Industrial Electronics Society}, 
  title={{DM-RR: Dual Modality Reverse Reranking Based Image Retrieval Framework}}, 
  year={2024},
  volume={5},
  number={},
  pages={886-897},
  keywords={Feature extraction;Visualization;Image retrieval;Industrial electronics;Semantics;Computer architecture;Transformers;Textual and visual embedding generations;bidirectional encoder representation from transformer (BERT);residual neural network-50 (RESNET-50);collaborative embeddings composition;inference-based learning;reverse reranking (RR)},
  doi={10.1109/OJIES.2024.3435956}}

@article{CLIP4CIR_Rev2,
  title = {{Composed Image Retrieval using Contrastive Learning and Task-oriented CLIP-based Features}},
  author = {Alberto Baldrati and Marco Bertini and Tiberio Uricchio and Alberto del Bimbo},
  journal = {arXiv preprint arXiv:2308.11485},
  volume = {},
  pages = {},
  year = {2023},
  eprint = {2308.11485},
  url = {https://arxiv.org/abs/2308.11485},
  keywords = {Contrastive Learning, CLIP, Image Retrieval, Multi-modal Features, Computer Vision, Deep Learning}
}

@article{DQU_CIR_Rev2,
  title = {{Simple but Effective Raw-Data Level Multimodal Fusion for Composed Image Retrieval}},
  author = {Haokun Wen and Xuemeng Song and Xiaolin Chen and Yinwei Wei and Liqiang Nie and Tat-Seng Chua},
  journal = {Proceedings of the 47th International ACM SIGIR Conference on Research and Development in Information Retrieval},
  volume = {25},
  pages = {229–239},
  year = {2024},
  doi = {10.1145/3626772.3657727},
  url = {http://dx.doi.org/10.1145/3626772.3657727},
  keywords = {Multimodal Fusion, Image Retrieval, Raw-Data Level Fusion, Computer Vision, Deep Learning}
}

@article{TG_CIR_Rev3,
  title = {{Target-Guided Composed Image Retrieval}},
  author = {Haokun Wen and Xian Zhang and Xuemeng Song and Yinwei Wei and Liqiang Nie},
  journal = {Proceedings of the 31st ACM International Conference on Multimedia},
  volume = {},
  pages = {},
  year = {2023},
  doi = {10.1145/3581783.3611817},
  url = {http://dx.doi.org/10.1145/3581783.3611817},
  keywords = {Target-Guided Retrieval, Composed Image Retrieval, Multimedia, Deep Learning, Computer Vision}
}

@article{CLIP,
  title = {Learning Transferable Visual Models From Natural Language Supervision},
  journal = {arXiv},
  volume = {},
  pages = {},
  year = {2021},
  issn = {},
  doi = {},
  author = {Alec Radford and Jong Wook Kim and Chris Hallacy and Aditya Ramesh and Gabriel Goh and Sandhini Agarwal and Girish Sastry and Amanda Askell and Pamela Mishkin and Jack Clark and Gretchen Krueger and Ilya Sutskever},
  keywords = {Transfer learning, Visual models, Natural language supervision, CLIP, Deep learning},
  url = {https://arxiv.org/abs/2103.00020},
}
@inproceedings{Hashing_Survey_Paper,
  title={A survey on deep hashing for image retrieval},
  author={Zhang, Xiaopeng},
  booktitle={Proceedings of the arXiv},
  year={2020},
  note={arXiv:2006.05627, available at \url{https://arxiv.org/abs/2006.05627}}
}
@inproceedings{Deep_Hashing,
  title={{Deep Cauchy Hashing for Hamming Space Retrieval}},
  author={Cao, Yue and Long, Mingsheng and Liu, Bin and Wang, Jianmin},
  booktitle={Proceedings of the IEEE Conference on Computer Vision and Pattern Recognition (CVPR)},
  year={2018},
  month={June}
}
@inproceedings{Transformer_Hashing,
  title={{TransHash: Transformer-based Hamming Hashing for Efficient Image Retrieval}},
  author={Chen, Y. and Zhang, S. and Liu, F. and Chang, Z. and Ye, M. and Qi, Z.},
  booktitle={Proceedings of the arXiv},
  year={2021},
  eprint={2105.01823},
  archivePrefix={arXiv},
  primaryClass={cs.CV},
  url={https://arxiv.org/abs/2105.01823}
}

@inproceedings{CLIP4CIR_Conference_Paper,
  title={{Effective conditioned and composed image retrieval combining CLIP-based features}},
  author={Baldrati, Alberto and Bertini, Marco and Uricchio, Tiberio and Del Bimbo, Alberto},
  booktitle={{Proceedings of the 2022 IEEE/CVF Conference on Computer Vision and Pattern Recognition (CVPR)}},
  year={2022},
  pages={21434--21442},
  doi={10.1109/CVPR52688.2022.02080},
  url={https://doi.org/10.1109/CVPR52688.2022.02080}
}

@misc{MAAF,
  title={{Modality-Agnostic Attention Fusion for visual search with text feedback}},
  author={Dodds, Eric and Culpepper, Jack and Herdade, Simao and Zhang, Yang and Boakye, Kofi},
  year={2020},
  eprint={2007.00145},
  archivePrefix={arXiv},
  primaryClass={cs.CV},
  url={https://arxiv.org/abs/2007.00145}
}
@inproceedings{ARTEMIS,
  title={{ARTEMIS: Attention-based Retrieval with Text-Explicit Matching and Implicit Similarity}},
  author={Delmas, Ginger and Rezende, Rafael and Csurka, Gabriela and Larlus, Diane},
  booktitle={{Proceedings of the 2022 Conference on (Add Relevant Conference Name)}},
  year={2022},
  doi={10.48550/arXiv.2203.08101},
  url={https://doi.org/10.48550/arXiv.2203.08101}
}
@inproceedings{KSC-2023,
  title={Advanced Multi-Model Deep Learning Approach for Content-Based Image Retrieval},
  author={Ahmed, Ikhlaq and Khan, Zeeshan and Khan, Zafran and Iltaf, Naima and Jeon, Moongu},
  booktitle={Proceedings of the Korean Information Science Society Conference (한국정보과학회 학술발표논문집)},
  address={Busan},
  year={2023}
}

%refered papers after Stream inclusion
@inproceedings{BKP,
  title={{Knowledge-Enhanced Dual-stream Zero-shot Composed Image Retrieval}},
  author={Suo, Yucheng and Ma, Fan and Zhu, Linchao and Yang, Yi},
  booktitle={{Proceedings of the 2024 Conference on Computer Vision and Pattern Recognition (CVPR)}},
  year={2024},
  url={https://arxiv.org/abs/2403.16005}
}
@inproceedings{GalR,
  title={{Remote Sensing Cross-Modal Text-Image Retrieval Based on Global and Local Information}},
  author={Yuan, Zhiqiang and Zhang, Wenkai and Tian, Changyuan and Rong, Xuee and Zhang, Zhengyuan and Wang, Hongqi and Fu, Kun and Sun, Xian},
  booktitle={{Proceedings of the IEEE Transactions on Geoscience and Remote Sensing}},
  year={2022},
  pages={1--16},
  doi={10.1109/TGRS.2022.3163706},
  url={https://doi.org/10.1109/TGRS.2022.3163706}
}
@misc{Faiss_Library, 
  title={Billion-scale similarity search with GPUs}, 
  author={Jeff Johnson and Matthijs Douze and Hervé Jégou},
  year={2017},
  eprint={1702.08734},
  archivePrefix={arXiv},
  primaryClass={cs.CV},
  url={https://arxiv.org/abs/1702.08734}, 
}
@misc{Pic2Word, 
  title={Pic2Word: Mapping Pictures to Words for Zero-shot Composed Image Retrieval}, 
  author={Kuniaki Saito and Kihyuk Sohn and Xiang Zhang and Chun-Liang Li and Chen-Yu Lee and Kate Saenko and Tomas Pfister}, 
  year={2023}, 
  eprint={2302.03084}, 
  archivePrefix={arXiv}, 
  primaryClass={cs.CV}, 
  url={https://arxiv.org/abs/2302.03084} 
}
@misc{RR, 
  title={Matching Images and Text with Multi-modal Tensor Fusion and Re-ranking}, 
  author={Tan Wang and Xing Xu and Yang Yang and Alan Hanjalic and Heng Tao Shen and Jingkuan Song}, 
  year={2020}, 
  eprint={1908.04011}, 
  archivePrefix={arXiv}, 
  primaryClass={cs.CV}, 
  url={https://arxiv.org/abs/1908.04011} 
}
%refered papers after Stream inclusion ends here



